@misc{Youtube,
  author = {Tech with Bob},
  title = {Attendance Manager App for Android using Java and MySQL},
  year = {2023},
  note = {Last accessed 11 March, 2024},
  url = {https://www.youtube.com/playlist?list=PL-cxzMmn1xXEcfgae8Gjv21VMWxyi1rVn}
}


